@Book{chapuis11,
author={Anne Chapuis},
title={What controls the calving of glaciers ? From observations to predictions.},
publisher={Norwegian University of Life Sciences.},
year={2011},
pages={104}
}

@Book{nuth11,
author={Christopher Nuth},
title={Quantification and interpretation of glacier elevation changes.},
publisher={Faculty of Mathematics and Natural Sciences, University of Oslo.},
year={2011},
pages={150}
}

@Article{kaab,
author={Andreas Kääb and Sébastien Leprince},
title={Motion detection using near-simultaneous satellite acquisitions.},
journal={Remote Sensing of Environment, Elsevier},
volume={154},
year={2014},
month={November},
pages={164-179},
key={10.1016/j.rse.2014.08.015}
}

@Article{arzhan06,
author={Arzhan B. Surazakov and Vladimir B. Aizen},
title={Estimating Volume Change of Mountain Glaciers Using SRTM and Map-Based Topographic Data.},
journal={Geoscience and Remote Sensing, IEEE Transaction on.},
volume={44},
year={2006},
month={October},
pages={2991-2995},
key={10.1109/TGRS.2006.875357}
}

@Article{nolan15,
author={M. Nolan and C.F. Larsen and M. Sturm},
title={Mapping snow-depth from manned-aircraft on landscape scales at centimeter resolution using Structure-from-Motion photogrammetry.},
journal={The Cryosphere Discuss.},
volume={9},
year={2015},
month={January},
day={15},
pages={333-381},
key={10.5194/tcd-9-33-2015}
}

@Article{forsberg01,
author={R. Forsberg and K. Keller and S.M. Jacobsen},
title={Laser Monitoring of Ice Elevations and Sea-Ice Thickness in Greenland.},
journal={International Archive of Photogrammetry and Remote Sensing, Anapolis},
volume={XXXIV-3/W4},
year={2001},
month={October},
day={22-24},
pages={163-168}
}

@Article{deems13,
author={J.S. Deems and T.H. Painter and D.C. Finnegan},
title={Lidar measurement of snow depth : a review.},
journal={Journal of Glaciology, International Glaciological Society},
volume={59},
number={215},
year={2013},
month={July},
pages={467-479},
key={10.3189/2013JoG12J154}
}

@Misc{matlab,
author={Matlab},
title={matlab help},
howpublished={http://se.mathworks.com/help/matlab/}
}

@Misc{programmingsolution,
author={Stackoverflow},
title={Communal website providing answers for most language-related problems encountered while programming},
howpublished={http://stackoverflow.com}
}

@Misc{coordinateconversion,
author={UTMconverter},
title={Convert the geographical coordinate into UTM},
howpublished={http://home.hiwaay.net/~taylorc/toolbox/geography/geoutm.html}
}

@techreport{micmac,
author={M. Pierrot-Deseilligny and L.Girod and E. Rupnik and G. Maillet},
institution={IGN},
title={MicMac documentation},
year={2015}
}